
@inproceedings{Wu:2017:RSU:3242181.3242370,
	author = {Wu, Di and Zhou, Enlu},
	title = {Ranking and Selection Under Input Uncertainty: A Budget Allocation Formulation},
	booktitle = {Proceedings of the 2017 Winter Simulation Conference},
	series = {WSC '17},
	year = {2017},
	isbn = {978-1-5386-3427-1},
	location = {Las Vegas, Nevada},
	pages = {179:1--179:12},
	articleno = {179},
	numpages = {12},
	url = {http://dl.acm.org/citation.cfm?id=3242181.3242370},
	acmid = {3242370},
	publisher = {IEEE Press},
	address = {Piscataway, NJ, USA},
} 

@book{MacKay,
	author = {MacKay, David J. C.},
	title = {Information Theory, Inference \& Learning Algorithms},
	year = {2002},
	isbn = {0521642981},
	publisher = {Cambridge University Press},
	address = {New York, NY, USA},
} 

@Misc{TeXFAQ,
  title =        {{UK} List of {\TeX} Frequently Asked Questions},
  author =       {{UK \TeX{} Users Group}},
  year =         2016,
  howpublished = {\url{http://www.tex.ac.uk}}
}

@inproceedings{BartonS01,
	author    = {Russell R. Barton and
	Lee Schruben},
	title     = {Resampling methods for input modeling},
	booktitle = {Proceedings of the 33nd conference on Winter simulation, {WSC} 2001,
	Arlington, VA, USA, December 9-12, 2001},
	pages     = {372--378},
	year      = {2001},
	crossref  = {DBLP:conf/wsc/2001},
	url       = {https://doi.org/10.1109/WSC.2001.977303},
	doi       = {10.1109/WSC.2001.977303},
	timestamp = {Wed, 17 May 2017 10:54:30 +0200},
	biburl    = {https://dblp.org/rec/bib/conf/wsc/BartonS01},
	bibsource = {dblp computer science bibliography, https://dblp.org}
}
@article{IUbrankepearce, 
	author={M. Pearce and J. Branke}, 
	booktitle={2017 Winter Simulation Conference (WSC)}, 
	title={"Bayesian simulation optimization with input uncertainty"}, 
	year={2017}, 
	volume={}, 
	number={}, 
	pages={2268 - 2278}, 
	month={Dec},}

@article{Frazier211,
	author = {Scott, W. and Frazier, P. and Powell, W.},
	title = {"The Correlated Knowledge Gradient for Simulation Optimization of Continuous Parameters using Gaussian Process Regression"},
	journal = {SIAM Journal on Optimization},
	volume = {21},
	number = {3},
	pages = {996 - 1026},
	year = {2011}	
}

@article{Jones198,
	author = {Jones, D.R.and Schonlau, M. and Welch, W.J},
	title = {"Efficient Global Optimization of Expensive Black-Box
	Functions"},
	journal = {Journal of Global Optimization},
	volume = {13},
	number = {4},
	pages = {455 - 492},
	year = {1998}	
}

@Article{Huang2006,
	author={Huang, D.	and Allen, T. T.	and Notz, W. I.	and Zeng, N.},
	title={"Global Optimization of Stochastic Black-Box Systems via Sequential Kriging Meta-Models"},
	journal={Journal of Global Optimization},
	year={2006},
	month={Mar},
	day={01},
	volume={34},
	number={3},
	pages={441 - 466},
}

@article{Frazier209,
	author = {Frazier, Peter and Powell, Warren and Dayanik, Savas},
	title = {"The Knowledge-Gradient Policy for Correlated Normal Beliefs"},
	journal = {INFORMS Journal on Computing},
	volume = {21},
	number = {4},
	pages = {599 - 613},
	year = {2009},
	
}

@article{PEARCEREVI,
	author = {Pearce,Michael and Branke,Juergen},
	title = {"Continuous multi-task Bayesian Optimisation with correlation"},
	journal = {European Journal of Operational Research},
	volume = {270},
	number = {3},
	pages = {1074 - 1085},
	year = {2018}
}

@article{Lam216,
	author = {H. Lam and T.M.K. Roeder and P.I. Frazier and R. Szechtman and E. Zhou and T. Huschka and S.E. Chick},
	title = {"Advanced Tutorial: Input Uncertainty and Robust Analysis in Stochastic Simulation"},
	journal = {Proceedings of the 2016 Winter Simulation Conference},
	volume = {270},
	number = {3},
	pages = {178 - 192},
	year = {2016}
}

@article{Barton202,
	author = {Barton, R. R. and S. E. Chick and R. C. Cheng and S. G. Henderson and A. M. Law and B. W. Schmeiser and L. M. Leemis and
	L. W. Schruben and and J. R. Wilson},
	title = {"Panel discussion on current issues in input modeling"},
	journal = {Proceedings of the 2002 Winter Simulation Conference},
	pages = {353 - 369},
	year = {2002}
}

@article{Henderson203,
	author = {Henderson, S. G.},
	title = {"Input modeling: Input model uncertainty: Why do we care and what should we
	do about it?"},
	journal = {Proceedings of the 2003 Winter Simulation Conference},
	pages = {90 - 100},
	year = {2003}
}

@article{Chick206a,
	author = {Chick, S. E.},
	title = {"Bayesian ideas and discrete event simulation: Why, what and how"},
	journal = {Proceedings of the 2006 Winter Simulation Conference},
	pages = {96 - 106},
	year = {2006a}
}

@article{Barton212,
	author = {Barton, R. R.},
	title = {"Tutorial: Input uncertainty in output analysis"},
	journal = {Proceedings of the 2012 Winter Simulation Conference},
	pages = {1 - 12},
	year = {2012}
}

@article{Song214,
	author = {Song, E. and B. L. Nelson and C. D. Pegden.},
	title = {"Advanced tutorial: Input uncertainty quantification"},
	journal = {Proceedings of the 2014 Winter Simulation Conference},
	pages = {162 - 176},
	year = {2014}
}

@article{Nelson213,
	author = {Nelson, B.},
	title = {"Foundations and Methods of Stochastic Simulation: A First Course"},
	journal = { Springer Science &	Business Media},
}

@Manual{Downes04:amsart,
  title =        {The \textsf{amsart}, \textsf{amsproc}, and
                  \textsf{amsbook} document~classes},
  author =       {Michael Downes and Barbara Beeton},
  organization = {American Mathematical Society},
  year =         2004,
  month =        aug,
  note =         {\url{http://www.ctan.org/pkg/amslatex}}
}

