% STRINGS
@string{ICML = "International Conference on Machine Learning"}
@string{NIPS = "Neural Information Processing Systems"}
@string{JMLR = "Journal of Machine Learning Research"}
@string{AISTATS = "Artificial Intelligence and Statistics"}
@string{AAAI = "AAAI Conference on Artificial Intelligence"}
@string{UAI = "Uncertainty in Artificial Intelligence"}
@string{ICCV = "International Conference on Computer Vision"}
@string{IJCAI = "International Joint Conference on Artificial Intelligence"}
@string{COLT = "Sixth Annual Conference on Computational Learning Theory"}
@string{ICLR = "International Conference on Learning Representations"}




@InProceedings{lloyd-icml-2015,
	author = {{Lloyd}, C. and {Gunter}, T. and {Osborne}, M.~A. and {Roberts}, S.~J.},
	title = "{Variational Inference for Gaussian Process Modulated Poisson Processes}",
	year = 2015,
	booktitle = ICML,
}


@article{schmidt2003bayesian,
  title={A Bayesian coregionalization approach for multivariate pollutant data},
  author={Schmidt, Alexandra M and Gelfand, Alan E},
  journal={Journal of Geophysical Research: Atmospheres},
  volume={108},
  number={D24},
  year={2003},
  publisher={Wiley Online Library}
}

@book{MacKay:2002:ITI:971143,
	author = {MacKay, David J. C.},
	title = {Information Theory, Inference \& Learning Algorithms},
	year = {2002},
	isbn = {0521642981},
	publisher = {Cambridge University Press},
	address = {New York, NY, USA},
} 

@article{taylor2015bayesian,
  title={Bayesian inference and data augmentation schemes for spatial, spatiotemporal and multivariate log-{G}aussian {C}ox processes in R},
  author={Taylor, Benjamin and Davies, Tilman and Rowlingson, Barry and Diggle, Peter},
  journal={Journal of Statistical Software},
  volume={63},
  pages={1--48},
  year={2015}
}



@article{bonilla2016generic,
  title={Generic Inference in Latent {G}aussian Process Models},
  author={Bonilla, Edwin V and Krauth, Karl and Dezfouli, Amir},
  journal={arXiv preprint arXiv:1609.00577},
  year={2016}
}





@article{blei2017variational,
  title={Variational inference: A review for statisticians},
  author={Blei, David M and Kucukelbir, Alp and McAuliffe, Jon D},
  journal={Journal of the American Statistical Association},
  number={just-accepted},
  year={2017},
  publisher={Taylor \& Francis}
}


@article{2009variational,
  title={Variational Learning of Inducing Variables in Sparse Gaussian Processes.},
  author={Titsias, Michalis K},
  booktitle={AISTATS},
  volume={5},
  pages={567--574},
  year={2009}
}


@article{diggle2013spatial,
  title={Spatial and spatio-temporal log-Gaussian Cox processes: Extending the geostatistical paradigm},
  author={Diggle, Peter J and Moraga, Paula and Rowlingson, Barry and Taylor, Benjamin M},
  journal={Statistical Science},
  pages={542--563},
  year={2013},
  publisher={JSTOR}
}

@article{moller1998log,
  title={Log gaussian cox processes},
  author={M{\o}ller, Jesper and Syversveen, Anne Randi and Waagepetersen, Rasmus Plenge},
  journal={Scandinavian journal of statistics},
  volume={25},
  number={3},
  pages={451--482},
  year={1998},
  publisher={Wiley Online Library}
}

